@article{Janet2017Predicting,
	author ={Janet, Jon Paul and Kulik, Heather J.},
	title  ={Predicting electronic structure properties of transition metal complexes with neural networks},
	journal  ={Chemical  Science},
	year  ={2017},
	volume  ={8},
	issue  ={7},
	pages  ={5137-5152},
	publisher  ={The Royal Society of Chemistry},
	doi  ="10.1039/C7SC01247K",
}

@Article{Janet2017Leveraging,
	author = {Janet, Jon Paul and Gani, Terry Z. H. and Steeves, Adam H. and Ioannidis, Efthymios I. and Kulik, Heather J.},
	title = {Leveraging Cheminformatics Strategies for Inorganic Discovery: Application to Redox Potential Design},
	journal = {Ind. Eng. Chem. Res.},
	volume = {56},
	number = {17},
	pages = {4898--4910},
	year = {2017},
	doi = {10.1021/acs.iecr.7b00808},
}

@Article{Janet2017Density,
	author    = {Janet, Jon Paul and Zhao, Qing and Ioannidis, Efthymios I and Kulik, Heather J},
	title     = {Density functional theory for modelling large molecular adsorbate--surface interactions: a mini-review and worked example},
	journal   = {Molecular Simulation},
	year      = {2017},
	volume    = {43},
	number    = {5-6},
	pages     = {327--345},
	publisher = {Taylor \& Francis},
}

@article{Janet2017Resolving,
	author = {Janet, Jon Paul and Kulik, Heather J.},
	title = {Resolving Transition Metal Chemical Space: Feature Selection for Machine Learning and Structureâ€“Property Relationships},
	journal = {The Journal of Physical Chemistry A},
	volume = {121},
	number = {46},
	pages = {8939-8954},
	year = {2017},
	doi = {10.1021/acs.jpca.7b08750},
}
